%% This BibTeX bibliography file was created using BibDesk.
%% http://bibdesk.sourceforge.net/

%% Created for Line Larsen at 2018-03-15 13:55:23 +0100 


%% Saved with string encoding Unicode (UTF-8) 



@article{Rehabilitering,
	Author = {Sundhedsstyrelsen},
	Date-Added = {2018-03-15 12:51:51 +0000},
	Date-Modified = {2018-03-15 12:55:17 +0000},
	Journal = {Center for Forebyggelse og Enhed for Planl{\ae}gning},
	Title = {Vejledning om hjerterehabilitering p{\aa} sygehuse},
	Year = {2004},
	Bdsk-File-1 = {YnBsaXN0MDDUAQIDBAUGJCVYJHZlcnNpb25YJG9iamVjdHNZJGFyY2hpdmVyVCR0b3ASAAGGoKgHCBMUFRYaIVUkbnVsbNMJCgsMDxJXTlMua2V5c1pOUy5vYmplY3RzViRjbGFzc6INDoACgAOiEBGABIAFgAdccmVsYXRpdmVQYXRoWWFsaWFzRGF0YV8QKi4uLy4uLy4uLy4uL0Rvd25sb2Fkcy9WZWpsX2hqZXJ0ZXJlaGFiLnBkZtIXCxgZV05TLmRhdGFPEQFqAAAAAAFqAAIAAAxNYWNpbnRvc2ggSEQAAAAAAAAAAAAAAAAAAAAAAAAAQkQAAf////8UVmVqbF9oamVydGVyZWhhYi5wZGYAAAAAAAAAAAAAAAAAAAAAAAAAAAAAAAAAAAAAAAAAAAAAAAAAAAAAAAAA/////wAAAAAAAAAAAAAAAAAEAAIAAAogY3UAAAAAAAAAAAAAAAAACURvd25sb2FkcwAAAgAxLzpVc2VyczpsaW5lbGFyc2VuOkRvd25sb2FkczpWZWpsX2hqZXJ0ZXJlaGFiLnBkZgAADgAqABQAVgBlAGoAbABfAGgAagBlAHIAdABlAHIAZQBoAGEAYgAuAHAAZABmAA8AGgAMAE0AYQBjAGkAbgB0AG8AcwBoACAASABEABIAL1VzZXJzL2xpbmVsYXJzZW4vRG93bmxvYWRzL1ZlamxfaGplcnRlcmVoYWIucGRmAAATAAEvAAAVAAIAEf//AACABtIbHB0eWiRjbGFzc25hbWVYJGNsYXNzZXNdTlNNdXRhYmxlRGF0YaMdHyBWTlNEYXRhWE5TT2JqZWN00hscIiNcTlNEaWN0aW9uYXJ5oiIgXxAPTlNLZXllZEFyY2hpdmVy0SYnVHJvb3SAAQAIABEAGgAjAC0AMgA3AEAARgBNAFUAYABnAGoAbABuAHEAcwB1AHcAhACOALsAwADIAjYCOAI9AkgCUQJfAmMCagJzAngChQKIApoCnQKiAAAAAAAAAgEAAAAAAAAAKAAAAAAAAAAAAAAAAAAAAqQ=}}

@webpage{rehabiliteringDK,
	Date-Added = {2018-02-28 09:51:16 +0000},
	Date-Modified = {2018-02-28 09:51:39 +0000},
	Url = {http://nbv.cardio.dk/hjerterehabilitering},
	Bdsk-Url-1 = {http://nbv.cardio.dk/hjerterehabilitering}}

@webpage{Hjerteforening,
	Date-Added = {2018-02-28 09:35:24 +0000},
	Date-Modified = {2018-02-28 09:36:00 +0000},
	Url = {https://hjerteforeningen.dk/alt-om-dit-hjerte/noegletal/},
	Bdsk-Url-1 = {https://hjerteforeningen.dk/alt-om-dit-hjerte/noegletal/}}

@article{example,
	Author = {Chhatriwalla, Adnan K. and Allen, Keith B. and Saxon, John T. and Cohen, David J. and Aggarwal, Sanjeev and Hart, Anthony J. and Baron, Suzanne J. and Dvir, Danny and Borkon, A. Michael},
	Date-Added = {2018-02-06 18:11:17 +0000},
	Date-Modified = {2018-02-06 18:11:40 +0000},
	Doi = {10.1161/circinterventions.117.005216},
	Issn = {1941-7632},
	Journal = {Circulation: Cardiovascular Interventions},
	Month = {Jul},
	Number = {7},
	Pages = {e005216},
	Publisher = {Ovid Technologies (Wolters Kluwer Health)},
	Title = {Bioprosthetic Valve Fracture Improves the Hemodynamic Results of Valve-in-Valve Transcatheter Aortic Valve Replacement},
	Url = {http://dx.doi.org/10.1161/CIRCINTERVENTIONS.117.005216},
	Volume = {10},
	Year = {2017},
	Bdsk-File-1 = {YnBsaXN0MDDUAQIDBAUGJCVYJHZlcnNpb25YJG9iamVjdHNZJGFyY2hpdmVyVCR0b3ASAAGGoKgHCBMUFRYaIVUkbnVsbNMJCgsMDxJXTlMua2V5c1pOUy5vYmplY3RzViRjbGFzc6INDoACgAOiEBGABIAFgAdccmVsYXRpdmVQYXRoWWFsaWFzRGF0YV8QLS4uLy4uLy4uL0JWRiBtYW51c2NyaXB0IENpcmMgSW50diAyMDE3WzFdLnBkZtIXCxgZV05TLmRhdGFPEQGkAAAAAAGkAAIAAAxNYWNpbnRvc2ggSEQAAAAAAAAAAAAAAAAAAAAAAAAAQkQAAf////8fQlZGIG1hbnVzY3JpcHQgQ2lyI0ZGRkZGRkZGLnBkZgAAAAAAAAAAAAAAAAAAAAAAAAAAAAAAAAAAAAAAAAAA/////wAAAABQREYgQ0FSTwADAAEAAAogY3UAAAAAAAAAAAAAAAAAB0Rlc2t0b3AAAAIAPy86VXNlcnM6TGluZUxhcnNlbjpEZXNrdG9wOkJWRiBtYW51c2NyaXB0IENpcmMgSW50diAyMDE3WzFdLnBkZgAADgBKACQAQgBWAEYAIABtAGEAbgB1AHMAYwByAGkAcAB0ACAAQwBpAHIAYwAgAEkAbgB0AHYAIAAyADAAMQA3AFsAMQBdAC4AcABkAGYADwAaAAwATQBhAGMAaQBuAHQAbwBzAGgAIABIAEQAEgA9VXNlcnMvTGluZUxhcnNlbi9EZXNrdG9wL0JWRiBtYW51c2NyaXB0IENpcmMgSW50diAyMDE3WzFdLnBkZgAAEwABLwAAFQACABH//wAAgAbSGxwdHlokY2xhc3NuYW1lWCRjbGFzc2VzXU5TTXV0YWJsZURhdGGjHR8gVk5TRGF0YVhOU09iamVjdNIbHCIjXE5TRGljdGlvbmFyeaIiIF8QD05TS2V5ZWRBcmNoaXZlctEmJ1Ryb290gAEACAARABoAIwAtADIANwBAAEYATQBVAGAAZwBqAGwAbgBxAHMAdQB3AIQAjgC+AMMAywJzAnUCegKFAo4CnAKgAqcCsAK1AsICxQLXAtoC3wAAAAAAAAIBAAAAAAAAACgAAAAAAAAAAAAAAAAAAALh}}
